<record><leader>00000cas a22000007a 4500</leader><controlfield tag="001">11076728</controlfield><controlfield tag="008">840821d18711872mtuwr ne      0    0eng d</controlfield><datafield ind1=" " ind2=" " tag="010"><subfield code="a">sn 84036139 </subfield></datafield><datafield ind1=" " ind2=" " tag="040"><subfield code="a">MTL</subfield><subfield code="b">eng</subfield><subfield code="c">MTL</subfield><subfield code="d">CNK</subfield><subfield code="d">OCLCQ</subfield></datafield><datafield ind1=" " ind2=" " tag="042"><subfield code="a">msc</subfield></datafield><datafield ind1="0" ind2=" " tag="130"><subfield code="a">Pioneer (Missoula, Mont.)</subfield></datafield><datafield ind1="1" ind2="4" tag="245"><subfield code="a">The Pioneer.</subfield></datafield><datafield ind1=" " ind2=" " tag="260"><subfield code="a">Missoula, Mont. :</subfield><subfield code="b">Pioneer Pub. Co.,</subfield><subfield code="c">1871-1872.</subfield></datafield><datafield ind1=" " ind2=" " tag="300"><subfield code="a">1 v. :</subfield><subfield code="b">ill. (chiefly ads.) ;</subfield><subfield code="c">59 cm.</subfield></datafield><datafield ind1=" " ind2=" " tag="310"><subfield code="a">Weekly</subfield></datafield><datafield ind1="0" ind2=" " tag="362"><subfield code="a">Vol. 2, no. 11 (Nov. 23, 1871)-v. 3, no. 10 (Nov. 30, 1872).</subfield></datafield><datafield ind1=" " ind2=" " tag="752"><subfield code="a">United States</subfield><subfield code="b">Montana</subfield><subfield code="c">Missoula</subfield><subfield code="d">Missoula.</subfield></datafield><datafield ind1="0" ind2="0" tag="780"><subfield code="t">Missoula pioneer</subfield><subfield code="w">(DLC)sn 84036138</subfield></datafield><datafield ind1="0" ind2="0" tag="785"><subfield code="t">Montana pioneer</subfield><subfield code="w">(DLC)sn 84036140</subfield></datafield></record>